ISMIR Proceedings

Generation de playlist dynamique a partir des programmation de radio
@inproceedings{ref1,
    author = "Bosteels, Klass AND Pampalk, Ellias AND Kerre, Etienne E.",
    title = "Evaluating and analysing dynamic playlist generation heuristics using radio logs and fuzzy set theory",
    booktitle = "ISMIR'2009, International Society for Music Information Retrieval",
    year = "2009",
}

Recoupements d'information a partirs des metadonnées musicales
Permet de rapprocher les similarités des musiques
@inproceedings{ref2,
    author = "Wang, Fei AND Wang, Xin AND Shao, Bo AND Lee, Tao AND Ogihara, Mitsunori",
    title = "Tag intregrated multilabel music style classification with hypergraph",
    booktitle = "ISMIR'2009, International Society for Music Information Retrieval",
    year = "2009",
}

Evaluation des emotions de la musique
Trouver des similarités entre le contenu musical et les emotions qu'il provoque
@inproceedings{ref3,
    author = "Song, Yading AND Dison, Simon AND Pearce, Marcus",
    title = "Evaluation of musical features for emotion classification",
    booktitle = "ISMIR'2012, International Society for Music Information Retrieval",
    year = "2012",
}

basé sur des tags utilisateurs pour trouver des super tags (folklore musical)
gain deb pertinence sur la taxonomie
@inproceedings{ref4,
    author = "Font, Frederic AND Serrà, Joan AND Serra, Xavier",
    title = "Folksonomy-based tag recommendation for online audio clip sharing",
    booktitle = "ISMIR'2012, International Society for Music Information Retrieval",
    year = "2012",
}

classer des chansons polyphoniques en les ramenant a des chansons monophoniques
utiles si on analyse des morceaux
@inproceedings{ref5,
    author = "Anan, Yoko AND Hatano, Kohei AND Bannai, Hideo AND Takeda, Masayuki AND Satoh, Ken",
    title = "Polyphonic music classification on symbolic data using dissimilarity functions",
    booktitle = "ISMIR'2012, International Society for Music Information Retrieval",
    year = "2012",
}

comte rendu d'experience, test de playlist générée par des tags utilisateurs
montre la faible corrélation entre les playlist basé tags et basé metadonnées
utilisable pour le mood
@inproceedings{ref6,
    author = "Hu, Xiao AND Kando, Noriko",
    title = "User-centered measures vs. system effectiveness in finding similar songs",
    booktitle = "ISMIR'2012, International Society for Music Information Retrieval",
    year = "2012",
}

info sur la million song dataset
@inproceedings{ref7,
    author = "Bertin-Mahieux, Thierry AND Ellis, Daniel P. W. AND Whitman, Brian AND Lamere, Paul",
    title = "The million song dataset",
    booktitle = "ISMIR'2011, International Society for Music Information Retrieval",
    year = "2011",
}

representation visuelle de playlist
@inproceedings{ref8,
    author = "Van Gulik, Rob AND Vignoli, Fabio",
    title = "Visual Playlist generation on the artist map",
    booktitle = "ISMIR'2011, International Society for Music Information Retrieval",
    year = "2011",
}

generation de playlist basé sur basé sur l'analyse du son
@inproceedings{ref9,
    author = "Logan, Beth",
    title = "Content-based playlist generation: exploratory experiments",
    booktitle = "ISMIR'2002, International Society for Music Information Retrieval",
    year = "2002",
}

Etat de l'art dans la reconaissance d'emotion d'un contenu musical
@inproceedings{ref10,
    author = "Kim, Youngmoo E. AND Schmidt, Erik M. AND Migneco, Raymond AND Morton, Brandon G. AND Richardson, Patrick AND Scott, Jeffrey AND Speck, Jacquelin A. AND Turnbull, Douglas",
    title = "Music emotion recognition: a state of the art review",
    booktitle = "ISMIR'2010, International Society for Music Information Retrieval",
    year = "2010",
}

pleins d'information sur la constructions de playlists, tutorial très complet
@inproceedings{ref11,
    author = "Fields, Ben AND Lamere, Paul",
    title = "Finding a path through the Juke Box The Playlist Tutorial",
    booktitle = "ISMIR'2010, International Society for Music Information Retrieval",
    year = "2010",
}